@article{Primer_on_Memory_Consistency,
  title={A primer on memory consistency and cache coherence},
  author={Sorin, Daniel J and Hill, Mark D and Wood, David A},
  journal={Synthesis lectures on computer architecture},
  volume={6},
  number={3},
  pages={1--212},
  year={2011},
  publisher={Morgan \& Claypool Publishers}
}

@INPROCEEDINGS{DeNovo,
  author={B. {Choi} and R. {Komuravelli} and H. {Sung} and R. {Smolinski} and N. {Honarmand} and S. V. {Adve} and V. S. {Adve} and N. P. {Carter} and C. {Chou}},
  booktitle={2011 International Conference on Parallel Architectures and Compilation Techniques}, 
  title={DeNovo: Rethinking the Memory Hierarchy for Disciplined Parallelism}, 
  doi={10.1109/PACT.2011.21},
  year={2011},
  volume={},
  number={},
  pages={155-166},
}

@unpublished{dynamic_cache_coherence,
  author = {Johnathan {Alsop} and Weon {Taek Na} and Matthew D. {Sinclair}, Sarita V. {Adve}},
  title  = {Dynamic Coherence Specialization},
}
  
@article{HPVM,
author = {Kotsifakou, Maria and Srivastava, Prakalp and Sinclair, Matthew D. and Komuravelli, Rakesh and Adve, Vikram and Adve, Sarita},
title = {{HPVM}: Heterogeneous Parallel Virtual Machine},
year = {2018},
issue_date = {January 2018},
publisher = {={ACM}},
address = {New York, NY, USA},
volume = {53},
number = {1},
issn = {0362-1340},
url = {https://doi.org/10.1145/3200691.3178493},
doi = {10.1145/3200691.3178493},
journal = {SIGPLAN Not.},
month = feb,
pages = {68–80},
numpages = {13},
keywords = {vector {SIMD}, {GPU}, virtual {ISA}, heterogeneous systems, parallel {IR}, compiler},
}

@INPROCEEDINGS{Spandex,
  author={J. {Alsop} and M. {Sinclair} and S. {Adve}},
  booktitle={2018 ACM/IEEE 45th Annual International Symposium on Computer Architecture (ISCA)}, 
  title={Spandex: A Flexible Interface for Efficient Heterogeneous Coherence},
  publisher={{ACM}/{IEEE}},
  doi={10.1109/ISCA.2018.00031},
  year={2018},
  volume={},
  number={},
  pages={261-274},
}

@inproceedings{GIMPLE,
  title={{GENERIC} and {GIMPLE}: A new tree representation for entire functions},
  author={Merrill, Jason},
  booktitle={Proceedings of the 2003 GCC Developers' Summit},
  pages={171--179},
  year={2003},
  organization={Citeseer}
}

@phdthesis{LLVM,
  title={LLVM: An infrastructure for multi-stage optimization},
  author={Lattner, Chris Arthur},
  year={2002},
  school={University of Illinois at Urbana-Champaign}
}

@INPROCEEDINGS{ESP,
  author={L. P. {Carloni}},
  booktitle={2016 53nd ACM/EDAC/IEEE Design Automation Conference (DAC)}, 
  title={Invited: The case for Embedded Scalable Platforms}, 
  year={2016},
  volume={},
  number={},
  pages={1-6},
}

@inproceedings{low_energy_FPGA,
  title={The design of a low energy FPGA},
  author={George, Varghese and Zhang, Hui and Rabaey, Jan},
  booktitle={Proceedings of the 1999 international symposium on Low power electronics and design},
  publisher={{ACM}},
  address = {New York, NY, USA},
  pages={188--193},
  year={1999}
}

@InProceedings{OO_effect_system,
author="Greenhouse, Aaron and Boyland, John",
editor="Guerraoui, Rachid",
title="An Object-Oriented Effects System",
booktitle="ECOOP' 99 --- Object-Oriented Programming",
year="1999",
publisher="Springer Berlin Heidelberg",
address="Berlin, Heidelberg",
pages="205--229",
isbn="978-3-540-48743-2"
}

@inproceedings{polymorphic_effect_systems,
author = {Lucassen, J. M. and Gifford, D. K.},
title = {Polymorphic Effect Systems},
year = {1988},
isbn = {0897912527},
publisher = {Association for Computing Machinery},
address = {New York, NY, USA},
url = {https://doi.org/10.1145/73560.73564},
doi = {10.1145/73560.73564},
booktitle = {Proceedings of the 15th ACM SIGPLAN-SIGACT Symposium on Principles of Programming Languages},
pages = {47–57},
numpages = {11},
location = {San Diego, California, USA},
series = {POPL ’88}
}

@article{effect_and_effect_inference_java,
  title={Effects and effect inference for a core Java calculus},
  author={Bierman, Gavin M and Parkinson, Matthew J},
  journal={Electronic Notes in Theoretical Computer Science},
  volume={82},
  number={8},
  pages={82--107},
  year={2003},
  publisher={Elsevier}
}

@InProceedings{remote_store_programming,
author="Hoffmann, Henry
and Wentzlaff, David
and Agarwal, Anant",
editor="Patt, Yale N.
and Foglia, Pierfrancesco
and Duesterwald, Evelyn
and Faraboschi, Paolo
and Martorell, Xavier",
title="Remote Store Programming",
booktitle="High Performance Embedded Architectures and Compilers",
year="2010",
publisher="Springer Berlin Heidelberg",
address="Berlin, Heidelberg",
pages="3--17",
isbn="978-3-642-11515-8"
}